<record><leader>00000cas a22000007a 4500</leader><controlfield tag="001">15803151</controlfield><controlfield tag="008">870603d19091911inudn ne      0    0eng d</controlfield><datafield ind1=" " ind2=" " tag="010"><subfield code="a">sn 87056255 </subfield></datafield><datafield ind1=" " ind2=" " tag="040"><subfield code="a">NPI</subfield><subfield code="b">eng</subfield><subfield code="c">NPI</subfield><subfield code="d">OCLCQ</subfield></datafield><datafield ind1=" " ind2=" " tag="042"><subfield code="a">msc</subfield></datafield><datafield ind1="0" ind2="0" tag="245"><subfield code="a">Plymouth daily chronicle.</subfield></datafield><datafield ind1=" " ind2=" " tag="260"><subfield code="a">Plymouth, Ind. :</subfield><subfield code="b">S.E. Boys,</subfield><subfield code="c">1909-1911.</subfield></datafield><datafield ind1=" " ind2=" " tag="300"><subfield code="a">3 v. :</subfield><subfield code="b">ill. ;</subfield><subfield code="c">58 cm.</subfield></datafield><datafield ind1=" " ind2=" " tag="310"><subfield code="a">Daily (except Sun.)</subfield></datafield><datafield ind1="1" ind2=" " tag="362"><subfield code="a">Began in Jan. 1909.</subfield></datafield><datafield ind1="0" ind2=" " tag="362"><subfield code="a">1st year, no. 1 (Jan. 16, 1909)-v. 3, no. 5 (Jan. 7, 1911).</subfield></datafield><datafield ind1=" " ind2=" " tag="580"><subfield code="a">Also published in a weekly ed. called: The Weekly chronicle.</subfield></datafield><datafield ind1=" " ind2=" " tag="752"><subfield code="a">United States</subfield><subfield code="b">Indiana</subfield><subfield code="c">Marshall</subfield><subfield code="d">Plymouth.</subfield></datafield><datafield ind1="1" ind2=" " tag="775"><subfield code="t">Weekly chronicle (Plymouth, Ind.)</subfield><subfield code="w">(DLC)sn 87056252</subfield></datafield><datafield ind1="0" ind2="7" tag="785"><subfield code="t">Plymouth daily tribune</subfield></datafield><datafield ind1="0" ind2="7" tag="785"><subfield code="t">Plymouth daily Republican</subfield><subfield code="w">(DLC)sn 87056256</subfield></datafield></record>